<record xmlns="http://www.loc.gov/MARC21/slim" xmlns:xsi="http://www.w3.org/2001/XMLSchema-instance" xsi:schemaLocation="http://www.loc.gov/MARC21/slim http://www.loc.gov/standards/marcxml/schema/MARC21slim.xsd"><leader>01922nam a2200421   4500</leader><controlfield tag="001">001680234</controlfield><controlfield tag="003">NNU</controlfield><controlfield tag="006">m        d        </controlfield><controlfield tag="007">cr cn |||m|||a</controlfield><controlfield tag="008">150116s1977    iq a    o    f000 0 araod</controlfield><datafield ind1=" " ind2=" " tag="040"><subfield code="a">NNU</subfield><subfield code="b">eng</subfield><subfield code="e">rda</subfield><subfield code="c">NNU</subfield></datafield><datafield ind1=" " ind2="4" tag="050"><subfield code="a">PJ7661</subfield><subfield code="b">.T37 1977</subfield></datafield><datafield ind1="0" ind2="0" tag="245"><subfield code="6">880-01</subfield><subfield code="a">Tara&#772;ti&#772;l ila&#769; mara&#772;fi&#700; al-khis&#803;b.</subfield></datafield><datafield ind1=" " ind2=" " tag="260"><subfield code="6">880-02</subfield><subfield code="a">[Baghda&#772;d?] :</subfield><subfield code="b">Manshu&#772;ra&#772;t Wiza&#772;rat l-A&#699;la&#772;m,</subfield><subfield code="c">1977.</subfield></datafield><datafield ind1=" " ind2=" " tag="300"><subfield code="a">online resource (63 pages) :</subfield><subfield code="b">illustrations</subfield></datafield><datafield ind1=" " ind2=" " tag="336"><subfield code="a">text</subfield><subfield code="2">rdacontent</subfield></datafield><datafield ind1=" " ind2=" " tag="337"><subfield code="a">computer</subfield><subfield code="2">rdamedia</subfield></datafield><datafield ind1=" " ind2=" " tag="338"><subfield code="a">online resource</subfield><subfield code="2">rdacarrier</subfield></datafield><datafield ind1="0" ind2=" " tag="490"><subfield code="6">880-03</subfield><subfield code="a">Silsilat Di&#772;wa&#772;n al-shi&#699;r al-Arabi&#772; ;</subfield><subfield code="v">91</subfield></datafield><datafield ind1=" " ind2=" " tag="500"><subfield code="a">In Arabic.</subfield></datafield><datafield ind1=" " ind2=" " tag="500"><subfield code="a">Partially vocalized.</subfield></datafield><datafield ind1=" " ind2=" " tag="500"><subfield code="a">Part of the Arabic Collections Online (ACO) project, contributed by New York Univeristy Libraries.</subfield></datafield><datafield ind1=" " ind2=" " tag="533"><subfield code="a">Electronic reproduction.</subfield><subfield code="b">New York, N.Y. :</subfield><subfield code="c">New York University,</subfield><subfield code="d">2015.</subfield><subfield code="5">NNU</subfield></datafield><datafield ind1=" " ind2="0" tag="650"><subfield code="a">Arabic poetry</subfield><subfield code="y">20th century.</subfield></datafield><datafield ind1=" " ind2="7" tag="650"><subfield code="a">Arabic poetry.</subfield><subfield code="2">fast</subfield><subfield code="0">(OCoLC)fst00812533</subfield></datafield><datafield ind1=" " ind2="7" tag="648"><subfield code="a">1900 - 1999</subfield><subfield code="2">fast</subfield></datafield><datafield ind1="2" ind2=" " tag="710"><subfield code="a">New York University.</subfield><subfield code="b">Libraries.</subfield></datafield><datafield ind1="0" ind2=" " tag="730"><subfield code="a">Arabic Collections Online.</subfield></datafield><datafield ind1="0" ind2="8" tag="776"><subfield code="i">Online version:</subfield><subfield code="t">Tara&#772;ti&#772;l ila&#769; mara&#772;fi&#700; al-khis&#803;b.</subfield><subfield code="d">[Baghda&#772;d?] : Manshu&#772;ra&#772;t Wiza&#772;rat l-A&#699;la&#772;m, 1977</subfield><subfield code="w">(OCoLC)568085689</subfield></datafield><datafield ind1="0" ind2="8" tag="776"><subfield code="i">Print version:</subfield><subfield code="t">Tara&#772;ti&#772;l ila&#769; mara&#772;fi&#700; al-khis&#803;b</subfield><subfield code="w">(NNU)001680234</subfield></datafield><datafield ind1="4" ind2="0" tag="856"><subfield code="u">http://hdl.handle.net/2333.1/2ngf1x89</subfield></datafield><datafield ind1="0" ind2="0" tag="880"><subfield code="6">245-01/</subfield><subfield code="a">&#1578;&#1585;&#1575;&#1578;&#1610;&#1604; &#1575;&#1604;&#1609; &#1605;&#1585;&#1575;&#1601;&#1593; &#1575;&#1604;&#1582;&#1589;&#1576;.</subfield></datafield><datafield ind1=" " ind2=" " tag="880"><subfield code="6">260-02/</subfield><subfield code="a">[&#1576;&#1594;&#1583;&#1575;&#1583;&#1567;] :</subfield><subfield code="b">&#1605;&#1606;&#1588;&#1608;&#1585;&#1575;&#1578; &#1608;&#1586;&#1575;&#1585;&#1577; &#1575;&#1604;&#1575;&#1593;&#1604;&#1575;&#1605;&#1548;</subfield><subfield code="c">1977.</subfield></datafield><datafield ind1="0" ind2=" " tag="880"><subfield code="6">490-03/</subfield><subfield code="a">&#1587;&#1604;&#1587;&#1604;&#1577; &#1583;&#1610;&#1608;&#1575;&#1606; &#1575;&#1604;&#1588;&#1593;&#1585; &#1575;&#1604;&#1593;&#1585;&#1576;&#1610; &#1563;</subfield><subfield code="v">91</subfield></datafield><datafield ind1=" " ind2="0" tag="830"><subfield code="6">880-04</subfield><subfield code="a">Silsilat Di&#772;wa&#772;n al-shi&#699;r al-&#699;Arabi&#772; ;</subfield><subfield code="v">91.</subfield></datafield><datafield ind1=" " ind2="0" tag="880"><subfield code="6">830-04/</subfield><subfield code="a">&#1587;&#1604;&#1587;&#1604;&#1577; &#1583;&#1610;&#1608;&#1575;&#1606; &#1575;&#1604;&#1588;&#1593;&#1585; &#1575;&#1604;&#1593;&#1585;&#1576;&#1610; &#1563;</subfield><subfield code="v">91.</subfield></datafield><datafield ind1=" " ind2=" " tag="959"><subfield code="a">NNU</subfield><subfield code="b">WEB</subfield><subfield code="c">GENI</subfield><subfield code="t">0</subfield><subfield code="m">Electronic access</subfield><subfield code="s">01</subfield></datafield><datafield ind1=" " ind2=" " tag="999"><subfield code="i">NNU_001680234</subfield><subfield code="o" /><subfield code="e">(ERROR-SERIES)</subfield></datafield></record>